---
---

@PhdThesis{Ishaq2016_phd,
  author      = {Omar Ishaq},
  date        = {2016-06-01},
  institution = {Uppsala University},
  title       = {Image Analysis and Deep Learningfor Applications in Microscopy},
  isbn        = {978-91-554-9567-1},
  url         = {http://urn.kb.se/resolve?urn=urn:nbn:se:uu:diva-283846},
}

@article{busi2021,
title = {Nondestructive characterization of laser powder bed fusion parts with neutron Bragg edge imaging},
journal = {Additive Manufacturing},
volume = {39},
pages = {101848},
year = {2021},
issn = {2214-8604},
doi = {https://doi.org/10.1016/j.addma.2021.101848},
url = {https://www.sciencedirect.com/science/article/pii/S2214860421000130},
author = {Matteo Busi and Nikola Kalentics and Manuel Morgano and Seth Griffiths and Anton S. Tremsin and Takenao Shinohara and Roland Log√© and Christian Leinenbach and Markus Strobl},
}

@Article{li2006_spots,
  Title                    = {{An adaptive algorithm for gamma spots removal in CCD-based neutron radiography and tomography}},
  Author                   = {Li, Hongyun and Schillinger, Burkhard and Calzada, Elbio and Liu Yinong and Muehlbauer, Martin},
  Journal                  = {{Nuclear Instruments \& Methods in Physics Research Section A}},
  Year                     = {{2006}},

  Month                    = {{AUG 1}},
  Number                   = {{1}},
  Pages                    = {{405-413}},
  Volume                   = {{564}},

  Bdsk-url-1               = {http://dx.doi.org/10.1016/j.nima.2006.04.063},
  Doi                      = {10.1016/j.nima.2006.04.063}
}